% Encoding: Cp1252

@BOOK{bentley:1999,
  title = {{P}rogramming {P}earls},
  publisher = {Addison--Wesley},
  year = {1999},
  author = {Jon Bentley},
  address = {Boston, MA, USA},
  edition = {2nd}
}

@BOOK{bringhurst:2002,
  title = {{T}he {E}lements of {T}ypographic {S}tyle},
  publisher = {Hartley \& Marks Publishers},
  year = {2013},
  author = {Robert Bringhurst},
  series = {Version 4.0: 20th Anniversary Edition},
  address = {Point Roberts, WA, USA}
}

@BOOK{cormen:2001,
  title = {{I}ntroduction to {A}lgorithms},
  publisher = {The MIT Press},
  year = {2009},
  author = {Cormen, Thomas H. and Leiserson, Charles E. and Rivest, Ronald L. and Clifford Stein},
  address = {Cambridge, MA, USA},
  edition = {3rd}
}

@BOOK{dueck:trio,
  title = {{D}ueck's {T}rilogie: {O}mnisophie -- {S}upramanie -- {T}opothesie},
  publisher = {Springer, Berlin, Germany},
  year = {2005},
  author = {Gunter Dueck},
  note = {\url{http://www.omnisophie.com}}
}

@ARTICLE{knuth:1976,
  author = {Knuth, Donald E.},
  title = {{B}ig {O}micron and {B}ig {O}mega and {B}ig {T}heta},
  journal = {SIGACT News},
  year = {1976},
  volume = {8},
  pages = {18--24},
  number = {2},
  address = {New York, NY, USA},
  publisher = {ACM Press}
}

@ARTICLE{knuth:1974,
  author = {Knuth, Donald E.},
  title = {{C}omputer {P}rogramming as an {A}rt},
  journal = {Communications of the ACM},
  year = {1974},
  volume = {17},
  pages = {667--673},
  number = {12},
  address = {New York, NY, USA},
  publisher = {ACM Press}
}

@BOOK{sommerville:1992,
  title = {{S}oftware {E}ngineering},
  publisher = {Addison-Wesley},
  year = {2015},
  author = {Ian Sommerville},
  address = {Boston, MA, USA},
  edition = {10th ed.}
}

@BOOK{taleb:2012,
  title = {{A}ntifragile: {T}hings {T}hat {G}ain from {D}isorder ({I}ncerto
      {B}ook 3)},
  publisher = {Random House},
  year = {2012},
  author = {Nassim Nicholas Taleb},
  address = {New York, NY, USA}
}

@Book{taleb:2010,
  title = {The Black Swan: The Impact of the Highly Improbable},
  publisher = {Random House},
  year = {2010},
  author = {Taleb, Nassim Nicholas},
  address = {New York, NY, USA}
}


@BOOK{ferriss:2016,
  title={Tools of Titans: The Tactics, Routines, and Habits of Billionaires, Icons, and World-Class Performers},
  author={Timothy Ferriss},
  publisher={Houghton Mifflin Harcourt},
  year={2016},
  address = {Boston, MA, USA},
}

@Book{adams:1996,
  author = {Adams, Scott},
  title = {The Dilbert Principle},
  publisher = {Harper Business},
  year = {1996},
  address = {New York, NY, USA}
}

@Book{adams:2013,
  author = {Adams, Scott},
  title = {How to Fail at Almost Everything and Still Win Big: Kind of the Story of My Life},
  publisher = {Portfolio Penguin},
  year = {2013},
  address = {London, United Kingdom},
}

@Book{aurelius:2002,
  author = {Aurelius, Marcus},
  title = {Meditations (A New Translation)},
  publisher = {Modern Library},
  year = {2002},
  address = {New York, NY, USA},
}

@Book{cialdini:1984,
  author = {Cialdini, Robert B.},
  title = {Influence: The Psychology of Persuasion},
  publisher = {Harper Business},
  year = {1984},
  address = {New York, NY, USA}
}

@Book{feynman:1985,
  title     = {{S}urely {Y}ou're {J}oking, {M}r. {F}eynman: {A}dventures of a {C}urious {C}haracter},
  publisher = {W. W. Norton},
  year      = {1985},
  author    = {Feynman, Richard P.},
  address   = {New York, NY, USA},
}

@Book{greenwald:2014,
  title     = {{N}o {P}lace to {H}ide: {E}dward {S}nowden, the {NSA}, and the {S}urveillance {S}tate},
  publisher = {Metropolitan Books},
  year      = {2014},
  author    = {Greenwald, Glenn},
  address   = {New York, NY, USA},
}

@Book{orwell:1949,
  author = {Orwell, George},
  title = {Nineteen Eighty-Four},
  publisher = {Secker \& Warburg},
  year = {1949},
  address = {London, United Kingdom}
}

@Book{pausch:2008,
  title     = {The Last Lecture},
  publisher = {Hodder \& Stoughton},
  year      = {2008},
  author    = {Pausch, Randy},
  editor    = {Zaslow, Jeffrey},
  address   = {London, United Kingdom},
}

@Book{seneca,
  author = {Seneca, Lucius},
  title = {Letters from a Stoic: Epistulae Morales ad Lucilium},
  publisher = {Penguin},
  year = {1969},
  address = {Har\-monds\-worth, United Kingdom}
}

@Book{frankl:1959,
  author = {Frankl, Viktor E.},
  title = {Man's Search for Meaning},
  publisher = {Beacon Press},
  year = {1959},
  address = {Boston, MA, USA}
}

@Book{munger:2008,
  title     = {Poor Charlie's Almanack: The Wit and Wisdom of Charles T. Munger},
  publisher = {Donning Company},
  year      = {2008},
  author    = {Munger, Charles T.},
  editor    = {Kaufman, Peter D.},
  address   = {Virginia Beach, VA, USA},
  edition   = {3},
}

@Book{postman:2005,
  author = {Postman, Neil},
  title = {Amusing Ourselves to Death: Public Discourse in the Age of Show Business (20th Anniversary Edition)},
  publisher = {Penguin Books},
  year = {2005},
  address = {New York, NY, USA}
}

@TechReport{ASTM:F3411:19,
  Author = {{ASTM Subcommittee: F38.02}},
  Title = {{Standard Specification for Remote ID and Tracking}},
  Institution = {ASTM},
  Year = {1994},
  url = {http://www.astm.org/cgi-bin/resolver.cgi?F3411-19}
}

@TechReport{RPASGM2020,
  Author = {{Office of the Director General of Civil Aviation}},
  Title = {{DGCA RPAS Guidance Manual}},
  Institution = {{Directorate General of Civil Aviation, Government of India}},
  Year = {2020},
  url = {https://dgca.gov.in/digigov-portal/jsp/dgca/homePage/viewPDF.jsp?page=InventoryList/headerblock/drones/DGCA%20RPAS%20Guidance%20Manual.pdf}
}

@TechReport{JARUS-SORA/JAR-DEL-WG6-D.04,
  Title = {{JARUS guidelines on Specific Operations Risk Assessment (SORA)}},
  Author = {{JARUS Working Group 6}},
  Institution = {{Joint Authorities on Rulemaking for Unmanned Systems}},
  Year = {2019},
  url = {http://jarus-rpas.org/content/jar-doc-06-sora-package}
}

@TechReport{JARUS-SORA/STS-01,
  Title = {{SORA STS-01 for Aerial Work Operations}},
  Author = {{JARUS Working Group 6}},
  Institution = {{Joint Authorities on Rulemaking for Unmanned Systems}},
  Year = {2019},
  url = {http://jarus-rpas.org/sites/jarus-rpas.org/files/jar_doc_6_sora_sts_01_edition1.1.pdf}
}

@TechReport{JARUS-SORA/STS-02,
  Title = {{SORA STS-02 for Aerial Work Operations}},
  Author = {{JARUS Working Group 6}},
  Institution = {{Joint Authorities on Rulemaking for Unmanned Systems}},
  Year = {2019},
  url = {http://jarus-rpas.org/sites/jarus-rpas.org/files/jar_doc_6_sora_sts_02_edition1.0.pdf}
}

@TechReport{FAA-NPRM-2019-1100,
  Title = {{Remote Identification of Unmanned Aircraft Systems}},
  Author = {{Unmanned Aircraft Systems Identification and Tracking Aviation Rulemaking Committee}},
  Institution = {{Federal Aviation Administration}},
  Year = {2019},
  url = {https://www.regulations.gov/searchResults?rpp=25&po=0&s=FAA-2019-1100&fp=true&ns=true}
}

@TechReport{IETF-DRIP-arch-draft,
  Title = {{Drone Remote Identification Protocol (DRIP) Architecture (draft)}},
  Institution = {{Internet Engineering Task Force}},
  Author = {{S. Card, A. Wiethuechter, R. Moskowitz, S. Zhao}},
  Year = {2020},
  url = {https://datatracker.ietf.org/doc/draft-ietf-drip-arch/}
}

@TechReport{IETF-DRIP-reqs-draft,
  Title = {{Drone Remote Identification Protocol (DRIP) Requirements (draft)}},
  Institution = {{Internet Engineering Task Force}},
  Author = {{S. Card, A. Wiethuechter, R. Moskowitz, A. Gurtov}},
  Year = {2020},
  url = {https://datatracker.ietf.org/doc/draft-ietf-drip-reqs/}
}

@TechReport{IETF-crowd-sourced-rid-draft,
  Title = {{Crowd Sourced Remote ID (draft)}},
  Institution = {{Internet Engineering Task Force}},
  Author = {{R. Moskowitz, S. Card, A. Wiethuechter, S. Zhao, H. Birkholz}},
  Year = {2020},
  url = {https://datatracker.ietf.org/doc/draft-moskowitz-drip-crowd-sourced-rid/}
}

@TechReport{IETF-uas-rid-draft,
  Title = {{UAS Remote ID (draft)}},
  Institution = {{Internet Engineering Task Force}},
  Author = {{R. Moskowitz, S. Card, A. Wiethuechter, A. Gurtov}},
  Year = {2020},
  url = {https://datatracker.ietf.org/doc/draft-moskowitz-drip-uas-rid/}
}

@TechReport{IETF-drip-operator-privacy-draft,
  Title = {{UAS Operator Privacy for RemoteID Messages (draft)}},
  Institution = {{Internet Engineering Task Force}},
  Author = {{R. Moskowitz, S. Card, A. Wiethuechter}},
  Year = {2020},
  url = {https://datatracker.ietf.org/doc/draft-moskowitz-drip-operator-privacy/}
}

@TechReport{IETF-drip-secure-transport-draft,
  Title = {{Secure UAS Network RID and C2 Transport (draft)}},
  Institution = {{Internet Engineering Task Force}},
  Author = {{R. Moskowitz, S. Card, A. Wiethuechter, A. Gurtov}},
  Year = {2020},
  url = {https://datatracker.ietf.org/doc/draft-moskowitz-drip-secure-nrid-c2/}
}

@TechReport{IETF-drip-auth-draft,
  Title = {{DRIP Authentication Formats (draft)}},
  Institution = {{Internet Engineering Task Force}},
  Author = {{A. Wiethuechter, S. Card, R. Moskowitz}},
  Year = {2020},
  url = {https://datatracker.ietf.org/doc/draft-wiethuechter-drip-auth/}
}

@TechReport{IETF-drip-identity-draft,
  Title = {{DRIP Identity Claims (draft)}},
  Institution = {{Internet Engineering Task Force}},
  Author = {{A. Wiethuechter, S. Card, R. Moskowitz}},
  Year = {2020},
  url = {https://datatracker.ietf.org/doc/draft-wiethuechter-drip-identity-claims/}
}

@TechReport{NASA-TM-2020-220440,
  Title = {{Architecture and Information Requirements to Assess and Predict Flight Safety Risks During Highly Autonomous Urban Flight Operations}},
  Author = {{Young, et. al.}},
  Institution = {NASA},
  year = {2020},
  url = {https://ntrs.nasa.gov/search.jsp?R=20200001140}
}

@TechReport{FAA-ConOps-v2,
  Title = {{Concept of Operations, Version 2.0}},
  Author = {{Office of NextGen}},
  Institution = {FAA},
  year = {2020},
  url = {https://www.faa.gov/uas/research_development/traffic_management/media/UTM_ConOps_v2.pdf}
}

@TechReport{EASA-Ops-Categ,
  Title = {{UAS operations in the 'open' and 'specific' categories}},
  Authors = {{EASA WG}},
  Institution = {EASA},
  year = {2018},
  url = {https://www.easa.europa.eu/sites/default/files/dfu/DRAFT%20ANNEX%20%28Part-UAS%29%20to%20DRAFT%20COMMISSION%20REGULATION%20%28EU%29%20...-...%20laying%20down%20rules%20and%20procedures%20for%20the%20operation%20of%20unmanned%20aircraft.pdf}
}

@TechReport{EASA-Op-2005-2019,
  Title = {{Opinion 2005-2019}},
  Authors = {{EASA WG}},
  Institution = {EASA},
  year = {2019},
  url = {https://www.easa.europa.eu/sites/default/files/dfu/Opinion%20No%2005-2019.pdf}
}
@TechReport{EASA-Op-2001-2018,
  Title = {{Opinion No 2001-2018}},
  Authors = {{EASA WG}},
  Institution = {EASA},
  year = {2018},
  url = {https://www.easa.europa.eu/sites/default/files/dfu/Opinion%20No%2001-2018.pdf}
}
@TechReport{EASA-UAS-ATM-Assessment-2018,
  Title = {{UAS ATM Airspace Assessment v 1.2}},
  Authors = {{EASA WG}},
  Institution = {EASA},
  year = {2018},
  url = {https://www.eurocontrol.int/sites/default/files/publication/files/uas-atm-airspace-assessment-v1.2-release-20181127.pdf}
}

@TechReport{ISO-TR-23629-1-2020,
  Title = {{UAS traffic management (UTM) -- Part 1: Survey results on UTM}},
  Authors = {{Technical Committee ISO/TC 20/SC 16  Unmanned aircraft systems}},
  Institution = {International Organization for Standards},
  year = {2020},
  url = {https://www.iso.org/standard/76453.html}
}
